@article{abdel2004exact,
  title={Exact, approximate, and generic iterative models for the multi-product newsboy problem with budget constraint},
  author={Abdel-Malek, Layek and Montanari, Roberto and Morales, Libia Cristina},
  journal={International Journal of Production Economics},
  volume={91},
  number={2},
  pages={189--198},
  year={2004},
  publisher={Elsevier}
}

@article{abdel2005analysis,
  title={An analysis of the multi-product newsboy problem with a budget constraint},
  author={Abdel-Malek, Layek L and Montanari, Roberto},
  journal={International Journal of Production Economics},
  volume={97},
  number={3},
  pages={296--307},
  year={2005},
  publisher={Elsevier}
}

@article{bertsimas2021predictionsCOVID,
  title={From predictions to prescriptions: A data-driven response to COVID-19},
  author={Bertsimas, Dimitris and Boussioux, Leonard and Cory-Wright, Ryan and Delarue, Arthur and Digalakis, Vassilis and Jacquillat, Alexandre and Kitane, Driss Lahlou and Lukin, Galit and Li, Michael and Mingardi, Luca and Nohadani, Omid and Orfanoudaki, Agni and Papalexopoulos, Theodore and Paskov, Ivan and Pauphilet, Jean and Lami, Omar Skali and Stellato, Bartolomeo and Bouardi, Hamza Tazi and Carballo, Kimberly Villalobos and Wiberg, Holly and Zeng, Cynthia},
  journal={Health Care Management Science},
  volume={24},
  pages={253--272},
  year={2021},
  publisher={Springer}
}

@article{gneiting2011weightedScoringRules,
  author = {Tilmann Gneiting and Roopesh Ranjan},
  title = {Comparing Density Forecasts Using Threshold- and Quantile-Weighted Scoring Rules},
  journal = {Journal of Business \& Economic Statistics},
  volume = {29},
  number = {3},
  pages = {411-422},
  year  = {2011},
  publisher = {Taylor & Francis},
  doi = {10.1198/jbes.2010.08110},
  URL = {
    https://doi.org/10.1198/jbes.2010.08110
  },
  eprint = { 
    https://doi.org/10.1198/jbes.2010.08110
  }
}


@book{hadleywhitin1963,
  Author = {Hadley, G. and Whitin, Thomson M.},
  Publisher = {Prentice-Hall},
  Series = {Prentice-Hall international series in management},
  Title = {Analysis of inventory systems.},
  Year = {1963},
}

@article{ioannidis2022forecastingCOVIDfailed,
  title={Forecasting for COVID-19 has failed},
  author={Ioannidis, John PA and Cripps, Sally and Tanner, Martin A},
  journal={International journal of forecasting},
  volume={38},
  number={2},
  pages={423--438},
  year={2022},
  publisher={Elsevier}
}

@book{Nocedal2006
, title = {Numerical Optimization}
, publisher = {Springer}
, year  = {2006}
, author  = {Nocedal, Jorge and Wright, Stephen}
}

@article{Probert2016decisionMakingFootMouth,
  title = {Decision-making for foot-and-mouth disease control: Objectives matter},
  journal = {Epidemics},
  volume = {15},
  pages = {10-19},
  year = {2016},
  issn = {1755-4365},
  doi = {https://doi.org/10.1016/j.epidem.2015.11.002},
  url = {https://www.sciencedirect.com/science/article/pii/S175543651500095X},
  author = {William J.M. Probert and Katriona Shea and Christopher J. Fonnesbeck and Michael C. Runge and Tim E. Carpenter and Salome DÃ¼rr and M. Graeme Garner and Neil Harvey and Mark A. Stevenson and Colleen T. Webb and Marleen Werkman and Michael J. Tildesley and Matthew J. Ferrari},
}

@article{zhang2009binary,
  title={A binary solution method for the multi-product newsboy problem with budget constraint},
  author={Zhang, Bin and Xu, Xiaoyan and Hua, Zhongsheng},
  journal={International Journal of Production Economics},
  volume={117},
  number={1},
  pages={136--141},
  year={2009},
  publisher={Elsevier}
}

@book{ruszczynski2011nonlinear,
  title={Nonlinear Optimization},
  author={Ruszczynski, A.},
  isbn={9781400841059},
  lccn={2005049614},
  url={https://books.google.com/books?id=41dhYmzMSm4C},
  year={2011},
  publisher={Princeton University Press}
}
